@STRING{acm_imc	= {{\sc{ACM}} {\sc{SIGCOMM}} Conference on Internet Measurement (\sc{IMC})} }
@STRING{acm_j_cs= {{\sc{ACM}} Transactions on Computer Systems} }
@STRING{acm_j_wn= {{\sc{ACM}} Transactions on Wireless Networking} }
@STRING{acm_mobicom={International Conference on Mobile Computing and
		  Networking (MobiCom)} }
@STRING{acm_rsa	= {International Conference on on Random Structures and
		  Algorithms} }
@STRING{acm_sigcomm={{\sc{ACM}} {\sc{SIGCOMM}}} }
@STRING{cc	= {Computer Communications} }
@STRING{ciss	= {Conference on Information Sciences and Systems (\sc{CISS})} }
@STRING{cj	= {Computer Journal} }
@STRING{eai_wicon={{\sc{EAI}} International Wireless Internet Conference (\sc{WICON})} }
@STRING{ewsn	= {European Conference on Wireless Sensor Networks (\sc{EWSN})} }
@STRING{iadis	= {International Conference on Applied Computing (\sc{IADIS})} }
@STRING{ieee_ancs={{\sc*{ACM}}/{\sc{IEEE}} Symposium on Architectures for Networking and
		  Communications Systems} }
@STRING{ieee_dsn= {{\sc*{IEEE}}/{\sc{IFIP}} International Conference on Dependable Systems
		  and Networks} }
@STRING{ieee_globecom={{\sc{IEEE}} Global Telecommunications Conference (Globecom)} }
@STRING{ieee_icc= {{\sc{IEEE}} International Conference on Communications (\sc{ICC})} }
@STRING{ieee_icdcs={{\sc{IEEE}} International Conference on Distributed Computing
		  Systems (\sc{ICDCS})} }
@STRING{ieee_icnp={{\sc{IEEE}} International Conference on Network Protocols
		  (\sc{ICNP})} }
@STRING{ieee_infocom={{\sc{IEEE}} International Conference on Computer
		  Communications (\sc{INFOCOM})} }
@STRING{ieee_j_cn={Journal of Communications and Networks} }
@STRING{ieee_lcn={{\sc{IEEE}} International Conference on Local Computer Networks (\sc{LCN})} }
@STRING{ieee_mascots={{\sc{IEEE}} International Symposium on Modeling, Analysis and
		  Simulation of Computers and Telecommunication Systems
		  (\sc{MASCOTS})} }
@STRING{ieee_nca= {{\sc{IEEE}} Symposium on Network Computing and Applications
		  (\sc{NCA})} }
@STRING{ieee_netcod={{\sc{IEEE}} International Symposium on Network Coding
		  (\sc{}[NetCod])} }
@STRING{ieee_noms={{\sc{IEEE}} Symposium on Network Operations and Management
		  (\sc{NOMS})} }
@STRING{ieee_pimrc={{\sc{IEEE}} International Symposium on Personal Indoor and
		  Mobile Radio Communications (\sc{PIMRC})} }
@STRING{ieee_softcom={{\sc{IEEE}} International Conference on Software,
		  Telecommunications and Computer Networks (\sc{SoftCOM})} }
@STRING{ieee_vtc= {{\sc{IEEE}} Vehicular Technology Conference (\sc{VTC})} }
@STRING{ieee_wcnc={{\sc{IEEE}} Wireless Communications and Networking Conference
		  (\sc{WCNC})} }
@STRING{ieee_winc={{\sc{IEEE}} International Conference on Wireless Network Coding
		  (\sc{WiNC})} }
@STRING{ifip_npc= {{\sc{IFIP}} International Conference on Network and Parallel
		  Computing (\sc{NPC})} }
@STRING{ifip_nw	= {{\sc{IFIP}} International Networking Conference} }
@STRING{ifip_wcitd={{\sc{IFIP}} International Symposium on Wireless Communications
		  and Information Technology in Developing Countries
		  (\sc{WCITD})} }
@STRING{milcom	= {Military Communications Conference (\sc{MILCOM})} }
@STRING{school_mit={Massachusetts Institute of Technology} }
@STRING{school_tum={Technische Universit\"{a}t M\"{u}nchen} }
@STRING{sigcomm_j_ccr={{\sc{ACM}} {\sc{SIGCOMM}} Computation Communication Review} }
@STRING{sigmobile_j_ccr={{\sc{ACM}} {\sc{SIGMOBILE}} Mobile Computing and Communications
		  Review} }
@STRING{sp_j_cs	= {Journal of Computer Science} }
@STRING{usenix_fast={Conference on File and Storage Technologies (\sc{FAST})} }
@STRING{ieee_wts= {{\sc{IEEE}} Wireless Telecommunications Symposium (\sc{WTS})} }


@MastersThesis{Brzoza,
  author	= {Brzoza, Patryk},
  title		= {Implementation and {E}valuation of Passive Capacity Estimation},
  school	= school_tum,
  year		= {2019},
  type		= {B.Sc. Thesis},
  address	= {Munich, Germany},
}

@Article{pprate2006,
  author	= {En-Najjary, Taoufik and Urvoy-Keller, Guillaume},
  title		= {PPrate: A Passive Capacity Estimation Tool},
  year		= {2006},
  month		= {5}
}

@Article{pathrate2004,
  author	= {Dovrolis, Constantinos and Ramanathan, Parameswaran and Moore, David},
  title		= {Pathrate: Packet-Dispersion Techniques and a Capacity-Estimation Methodology},
  year		= {2004},
  month		= {12}
}

@Article{Prasad2003,
  author	= {Prasad, R. and Murray, C. and Dovrolis, C. and Claffy, K.},
  title		= {{\sc{CSMA/CA}} {B}andwidth {E}stimation: {M}etrics, {M}easurement {T}echniques, and {T}ools
},
  year		= {2003},
  month		= {12}
}

@Article{Abut2018,
  author	= {Abut, Fatih},
  title		= {{\sc{CSMA/CA}} Through the Diversity of Bandwidth-Related Metrics, Estimation Techniques and Tools: An Overview},
  year		= {2018},
  month		= {8},
}

@Article{Pathchar1999,
  author	= {Downey, Allen B. },
  title		= {{\sc{CSMA/CA}} Using Pathchar to Estimate Internet Link Characteristics},
  year		= {1999},
  month		= {8},
  school	= {Colby College}
}

@Article{RaUrBa_icmp, 
  author	= {Ravaioli, Ricardo and Urvoy-Keller, Guillaume and Barakat Chadi},
  title		= {Characterizing ICMP Rate Limitation on Routers},
  year		= {2015},
  school	= {Universite Nice Sophia Antipolis}

}
@Article{fader2017,
  author	= {Guo, Hang and Heidemann, John},
  title		= {Detecting ICMP Rate Limiting in the Internet(Extended)},
  year		= {2017},
  month		= {4},
  school 	= {Information Sciences Institute}
}

@Article{capest2019,
  author	= {Kagami, Nicolas and Tavares da Costa Filho, Roberto Iraj´a and Paschoal Gaspary, Luciano},
  title		= {CAPEST: Offloading Network Capacity and Available Bandwidth Estimation to Programmable Data Planes},
  year		= {2019},
  month		= {4},
  school 	= {Federal University of Rio Grande do Sul (UFRGS)},
  address	= {Brazil}
}


@InProceedings{ osi_model_ref,
  author	= {Sandberg, Bobbi},
  title		= {The OSI Reference Model},
  booktitle	= {Networking - The Complete Reference, 3rd edition},
  year		= {2015},
  pages		= {40-65}
}




@misc{ ttl_hop_limit,
  author 	= {Steven Iveson},
  title 	= {{IP Time to Live (TTL) and Hop Limit Basics}},
  howpublished = "\url{https://packetpushers.net/ip-time-to-live-and-hop-limit-basics/}",
  year		= {2019},
  month		= {5}
}

@misc{mnHome,
  title = {{Mininet Home}},
  howpublished = "\url{http://mininet.org/}",
  note = "[Online; accessed 2021]"
}

@misc{mnInstall,
  title = {{Mininet Installation}},
  howpublished = "\url{http://mininet.org/download/}",
  note = "[Online; accessed 11.2021]"
}

@misc{tcp_raw_sockets,
  author	= {{Silver Moon}},
  title		= {{How to Code Raw Sockets in C on Linux}},
  howpublished = "\url{https://www.binarytides.com/raw-sockets-c-code-linux/}",
  note 		= "[Online; accessed 11.2021]"
}

@misc{icmp_ratemask,
  title		= {{icmp - Linux IPv4 ICMP kernel module}},
  howpublished = "\url{https://man7.org/linux/man-pages/man7/icmp.7.html}",
  note 		= "[Online; accessed 11.2021]"
}

@misc{packet_loss_explained,
  author	= {{Alexander S. Gillis}},
  title		= {{Packet Loss}},
  howpublished = "\url{https://www.techtarget.com/searchnetworking/definition/packet-loss/}",
  note 		= "[Online; accessed 11.2021]"
}

@misc{juniper,
  author	= {{Juniper Networks}},
  title		= {{icmp - Error Message Rate Limit}},
  howpublished = "\url{https://www.juniper.net/documentation/us/en/software/junos/transport-ip/topics/ref/statement/icmp-edit-chassis.html/}",
  note 		= "[Online; accessed 11.2021]"
}


@misc{osi_iso,
  author	= {{ISO}},
  title		= {{Information technology — Open Systems Interconnection — Basic Reference Model: The Basic Model}},
  howpublished = "\url{https://standards.iso.org/ittf/PubliclyAvailableStandards/index.html/}",
  note 		= "[Online; accessed 11.2021]"
}

@misc{iperf,
  author	= {{Dugan et al}},
  title		= {{iPerf - The ultimate speed test tool for TCP, UDP and SCTP}},
  howpublished = "\url{https://iperf.fr/}",
  note 		= "[Online; accessed 11.2021]"
}

@misc{tcpdump_man,
  title		= {{TCPDUMP man page}},
  howpublished = "\url{https://www.tcpdump.org/manpages/tcpdump.1-4.99.1.html}",
  note 		= "[Online; accessed 11.2021]"
}

@misc{ietf_ip,
  author 	= {{Internet Engineering Task Force (IETF)}},
  title		= {{Internet Protocol}},
  howpublished = "\url{https://datatracker.ietf.org/doc/html/rfc791}",
  note 		= "[Online; accessed 11.2021]"
}
@misc{ietf_icmp,
  author 	= {{Internet Engineering Task Force (IETF)}},
  title		= {{Internet Control Message Protocol}},
  howpublished = "\url{https://datatracker.ietf.org/doc/html/rfc792}",
  note 		= "[Online; accessed 11.2021]"
}
@misc{ietf_tcp,
  author 	= {{Internet Engineering Task Force (IETF)}},
  title		= {{Transmission Control Protocol}},
  howpublished = "\url{https://datatracker.ietf.org/doc/html/rfc793}",
  note 		= "[Online; accessed 11.2021]"
}
@misc{ietf_udp,
  author 	= {{Internet Engineering Task Force (IETF)}},
  title		= {{User Datagram Protocol}},
  howpublished = "\url{https://datatracker.ietf.org/doc/html/rfc768}",
  note 		= "[Online; accessed 11.2021]"
}

@misc{iph,
  title		= {{TCP/IP Header}},
  howpublished = "\url{https://www4.cs.fau.de/Projects/JX/Projects/TCP/jxtcp.html}",
  note 		= "[Online; accessed 11.2021]"
}

@misc{icmp_man,
  title		= {{Linux man page - icmp}},
  howpublished = "\url{https://man7.org/linux/man-pages/man7/icmp.7.html}",
  note 		= "[Online; accessed 11.2021]"
}


